<?xml version="1.0" encoding="UTF-8"?><collection xmlns="http://www.loc.gov/MARC21/slim"><record><leader>00451nam--2200145-i-4500</leader><controlfield tag="001">000033450</controlfield><controlfield tag="002">20161230</controlfield><controlfield tag="005">20161230201039</controlfield><controlfield tag="008">060222s1000------------r-----000-0-eng-d</controlfield><datafield ind1=" " ind2=" " tag="080"><subfield code="a">517.54</subfield></datafield><datafield ind1=" " ind2=" " tag="100"><subfield code="a">Marsden, Jerrold E</subfield></datafield><datafield ind1=" " ind2=" " tag="245"><subfield code="a">Basic complex analysis. with the assistance of michael buchner, michael hoffman, cliford risk</subfield></datafield><datafield ind1=" " ind2=" " tag="260"><subfield code="a">San Francisco, W. H. Freeman And Co., 1973. X+472p</subfield></datafield><datafield ind1=" " ind2=" " tag="852"><subfield code="a">75982</subfield><subfield code="c">517.5</subfield></datafield><datafield ind1=" " ind2=" " tag="CAT"><subfield code="a">Sys</subfield><subfield code="c">20080812</subfield><subfield code="h">090531</subfield></datafield></record></collection>